@article{acn2001threequbit,
  author = {Acín, A and Andrianov, A and Jané, E and Tarrach, R},
  year = {2001},
  title = {Three-qubit pure-state canonical forms},
  journal = {Journal of Physics A: Mathematical and General},
  issn = {0305-4470},
  doi = {10.1088/0305-4470/34/35/301},
  url = {http://dx.doi.org/10.1088/0305-4470/34/35/301},
  volume = {34},
  month = {1},
  pages = {6725},
  number = {35}
}
@article{quintino2015inequivalence,
  author = {Quintino, Marco Túlio and Vértesi, Tamás and Cavalcanti, Daniel and Augusiak, Remigiusz and Demianowicz, Maciej and Acín, Antonio and Brunner, Nicolas},
  year = {2015},
  title = {Inequivalence of entanglement, steering, and Bell nonlocality for general measurements},
  journal = {Physical Review A},
  issn = {2469-9934},
  doi = {10.1103/physreva.92.032107},
  url = {http://dx.doi.org/10.1103/physreva.92.032107},
  volume = {92},
  pages = {032107},
  number = {3}
}
@article{tth2005detection,
  author = {Tóth, Géza},
  year = {2005},
  title = {Detection of multipartite entanglement in the vicinity of symmetric Dicke states},
  journal = {Journal of the Optical Society of America B},
  issn = {0740-3224},
  doi = {10.1364/josab.24.000275},
  url = {http://dx.doi.org/10.1364/josab.24.000275},
  volume = {24},
  month = {5},
  pages = {275},
  number = {2}
}
@article{kiesel2005experimental,
  author = {Kiesel, Nikolai and Schmid, Christian and Weber, Ulrich and Tóth, Géza and Gühne, Otfried and Ursin, Rupert and Weinfurter, Harald},
  year = {2005},
  title = {Experimental Analysis of a Four-Qubit Photon Cluster State},
  journal = {Physical Review Letters},
  issn = {1079-7114},
  doi = {10.1103/physrevlett.95.210502},
  pmid = {16384122},
  url = {http://dx.doi.org/10.1103/physrevlett.95.210502},
  volume = {95},
  month = {5},
  pages = {210502},
  number = {21}
}
@article{campbell2009characterizing,
  author = {Campbell, S and Tame, M S and Paternostro, M},
  year = {2009},
  title = {Characterizing multipartite symmetric Dicke states under the effects of noise},
  journal = {New Journal of Physics},
  issn = {1367-2630},
  doi = {10.1088/1367-2630/11/7/073039},
  url = {http://dx.doi.org/10.1088/1367-2630/11/7/073039},
  volume = {11},
  month = {9},
  pages = {073039},
  number = {7}
}
@article{brandao2016the,
  author = {Brandao, Fernando and Christandl, Matthias and Harrow, Aram W and Walter, Michael},
  year = {2016},
  title = {The Mathematics of Entanglement}
}
@article{deng2017quantum,
  author = {Deng, Dong-Ling and Li, Xiaopeng and Sarma, S. Das},
  year = {2017},
  title = {Quantum Entanglement in Neural Network States},
  journal = {Physical Review X},
  issn = {2160-3308},
  doi = {10.1103/physrevx.7.021021},
  url = {http://dx.doi.org/10.1103/physrevx.7.021021},
  volume = {7},
  pages = {021021},
  number = {2}
}
@article{cavalcanti2007useful,
  author = {Cavalcanti, D. and Malard, L. M. and Matinaga, F. M. and Cunha, M. and Santos, M. França},
  year = {2007},
  title = {Useful entanglement from the Pauli principle},
  issn = {2469-9969},
  doi = {10.1103/physrevb.76.113304},
  url = {http://dx.doi.org/10.1103/physrevb.76.113304},
  volume = {76},
  month = {7},
  pages = {113304},
  number = {11}
}
@article{wernerquantum,
  author = {Werner, Reinhard F},
  title = {Quantum states with Einstein-Podolsky-Rosen correlations admitting a hidden-variable model},
  issn = {10502947},
  doi = {10.1103/PhysRevA.40.4277},
  pmid = {9902666},
  url = {http://dx.doi.org/10.1103/PhysRevA.40.4277},
  volume = {40},
  pages = {4277–4281},
  number = {8}
}
@article{horodecki1997inseparable,
  author = {Horodecki, Michał and Horodecki, Paweł and Horodecki, Ryszard},
  year = {1997},
  title = {Inseparable Two Spin-12Density Matrices Can Be Distilled to a Singlet Form},
  journal = {Physical Review Letters},
  issn = {0031-9007},
  doi = {10.1103/physrevlett.78.574},
  url = {http://dx.doi.org/10.1103/physrevlett.78.574},
  volume = {78},
  pages = {574--577},
  number = {4}
}
@article{bennett1996purification,
  author = {Bennett, Charles H. and Brassard, Gilles and Popescu, Sandu and Schumacher, Benjamin and Smolin, John A. and Wootters, William K.},
  year = {1996},
  title = {Purification of Noisy Entanglement and Faithful Teleportation via Noisy Channels},
  issn = {1079-7114},
  doi = {10.1103/physrevlett.76.722},
  pmid = {10061534},
  url = {http://dx.doi.org/10.1103/physrevlett.76.722},
  volume = {76},
  pages = {722},
  number = {5}
}
@article{horodecki2002method,
  author = {Horodecki, Paweł and Ekert, Artur},
  year = {2002},
  title = {Method for Direct Detection of Quantum Entanglement},
  issn = {1079-7114},
  doi = {10.1103/physrevlett.89.127902},
  pmid = {12225125},
  url = {http://dx.doi.org/10.1103/physrevlett.89.127902},
  volume = {89},
  month = {2},
  pages = {127902},
  number = {12}
}
@article{horodecki1998mixedstate,
  author = {Horodecki, Michał and Horodecki, Paweł and Horodecki, Ryszard},
  year = {1998},
  title = {Mixed-State Entanglement and Distillation: Is there a “Bound” Entanglement in Nature?},
  issn = {1079-7114},
  doi = {10.1103/physrevlett.80.5239},
  url = {http://dx.doi.org/10.1103/physrevlett.80.5239},
  volume = {80},
  pages = {5239},
  number = {24}
}

@article{alves2003direct,
  author = {Alves, Carolina Moura and Horodecki, Paweł and Oi, Daniel and Kwek, L C and Ekert, Artur K},
  year = {2003},
  title = {Direct estimation of functionals of density operators by local operations and classical communication},
  issn = {1050-2947},
  doi = {10.1103/physreva.68.032306},
  url = {http://dx.doi.org/10.1103/physreva.68.032306},
  volume = {68},
  month = {3},
  number = {3}
}
@article{amico2008entanglement,
  author = {Amico, Luigi and Fazio, Rosario and Osterloh, Andreas and Vedral, Vlatko},
  year = {2008},
  title = {Entanglement in many-body systems},
  issn = {0034-6861},
  doi = {10.1103/revmodphys.80.517},
  url = {http://dx.doi.org/10.1103/revmodphys.80.517},
  volume = {80},
  month = {8},
  pages = {517--576},
  number = {2}
}
@article{bartkiewicz2017direct,
  author = {Bartkiewicz, Karol and Chimczak, Grzegorz and Lemr, Karel},
  year = {2017},
  title = {Direct method for measuring and witnessing quantum entanglement of arbitrary two-qubit states through Hong-Ou-Mandel interference},
  journal = {Physical Review A},
  issn = {2469-9926},
  doi = {10.1103/physreva.95.022331},
  url = {http://dx.doi.org/10.1103/physreva.95.022331},
  volume = {95},
  number = {2}
}
@article{huber2011experimentally,
  author = {Huber, Marcus and Erker, Paul and Schimpf, Hans and Gabriel, Andreas and Hiesmayr, Beatrix},
  year = {2011},
  title = {Experimentally feasible set of criteria detecting genuine multipartite entanglement inn-qubit Dicke states and in higher-dimensional systems},
  journal = {Physical Review A},
  issn = {1050-2947},
  doi = {10.1103/physreva.83.040301},
  url = {http://dx.doi.org/10.1103/physreva.83.040301},
  volume = {83},
  month = {11},
  number = {4}
}
@article{jungnitsch2011taming,
  author = {Jungnitsch, Bastian and Moroder, Tobias and Gühne, Otfried},
  year = {2011},
  title = {Taming Multiparticle Entanglement},
  journal = {Physical Review Letters},
  issn = {1079-7114},
  doi = {10.1103/physrevlett.106.190502},
  pmid = {21668133},
  url = {http://dx.doi.org/10.1103/physrevlett.106.190502},
  volume = {106},
  month = {11},
  pages = {190502},
  number = {19}
}
@article{nha2006entanglement,
  author = {Nha, Hyunchul and Kim, Jaewan},
  year = {2006},
  title = {Entanglement criteria via the uncertainty relations in su(2) and su(1,1) algebras: Detection of non-Gaussian entangled states},
  issn = {2469-9934},
  doi = {10.1103/physreva.74.012317},
  url = {http://dx.doi.org/10.1103/physreva.74.012317},
  volume = {74},
  month = {6},
  pages = {012317},
  number = {1}
}
@article{nha2007demonstrating,
  author = {Nha, Hyunchul and Kim, Jaewan},
  year = {2007},
  title = {Demonstrating multipartite entanglement of single-particle W states: Linear optical schemes},
  journal = {Physical Review A},
  issn = {2469-9934},
  doi = {10.1103/physreva.75.012326},
  url = {http://dx.doi.org/10.1103/physreva.75.012326},
  volume = {75},
  month = {7},
  pages = {012326},
  number = {1}
}
@article{sanpera1998local,
  author = {Sanpera, Anna and Tarrach, Rolf and Vidal, Guifré},
  year = {1998},
  title = {Local description of quantum inseparability},
  issn = {2469-9934},
  doi = {10.1103/physreva.58.826},
  url = {http://dx.doi.org/10.1103/physreva.58.826},
  volume = {58},
  pages = {826},
  number = {2}
}
@article{bouwmeester1999observation,
  author = {Bouwmeester, Dik and Pan, Jian-Wei and Daniell, Matthew and Weinfurter, Harald and Zeilinger, Anton},
  year = {1999},
  title = {Observation of Three-Photon Greenberger-Horne-Zeilinger Entanglement},
  issn = {1079-7114},
  doi = {10.1103/physrevlett.82.1345},
  url = {http://dx.doi.org/10.1103/physrevlett.82.1345},
  volume = {82},
  pages = {1345},
  number = {7}
}
@article{yu2005entanglement,
  author = {Yu, Sixia and Liu, Nai-le},
  year = {2005},
  title = {Entanglement Detection by Local Orthogonal Observables},
  issn = {1079-7114},
  doi = {10.1103/physrevlett.95.150504},
  pmid = {16241709},
  url = {http://dx.doi.org/10.1103/physrevlett.95.150504},
  volume = {95},
  month = {5},
  pages = {150504},
  number = {15}
}
@article{kraus2001optimal,
  author = {Kraus, B. and Cirac, J. I.},
  year = {2001},
  title = {Optimal creation of entanglement using a two-qubit gate},
  journal = {Physical Review A},
  issn = {2469-9934},
  doi = {10.1103/physreva.63.062309},
  url = {http://dx.doi.org/10.1103/physreva.63.062309},
  volume = {63},
  month = {1},
  pages = {062309},
  number = {6}
}
@article{horodecki1997separability,
  author = {Horodecki, Pawel},
  year = {1997},
  title = {Separability criterion and inseparable mixed states with positive partial transposition},
  journal = {Physics Letters A},
  issn = {0375-9601},
  doi = {10.1016/s0375-9601(97)00416-7},
  url = {http://dx.doi.org/10.1016/s0375-9601(97)00416-7},
  volume = {232},
  pages = {333--339},
  number = {5}
}
@article{ekert2002direct,
  author = {Ekert, Artur K. and Alves, Carolina Moura and Oi, Daniel K. L. and Horodecki, Michał and Horodecki, Paweł and Kwek, L. C.},
  year = {2002},
  title = {Direct Estimations of Linear and Nonlinear Functionals of a Quantum State},
  journal = {Physical Review Letters},
  issn = {1079-7114},
  doi = {10.1103/physrevlett.88.217901},
  pmid = {12059503},
  url = {http://dx.doi.org/10.1103/physrevlett.88.217901},
  volume = {88},
  month = {2},
  pages = {217901},
  number = {21}
}
@article{horodecki2003direct,
  author = {Horodecki, Paweł},
  year = {2003},
  title = {Direct estimation of elements of quantum states algebra and entanglement detection via linear contractions},
  issn = {0375-9601},
  doi = {10.1016/j.physleta.2003.09.028},
  url = {http://dx.doi.org/10.1016/j.physleta.2003.09.028},
  volume = {319},
  month = {3},
  pages = {1--7},
  number = {1-2}
}
@article{tth2009practical,
  author = {Tóth, Géza and Wieczorek, Witlef and Krischek, Roland and Kiesel, Nikolai and Michelberger, Patrick and Weinfurter, Harald},
  year = {2009},
  title = {Practical methods for witnessing genuine multi-qubit entanglement in the vicinity of symmetric states},
  journal = {New Journal of Physics},
  issn = {1367-2630},
  doi = {10.1088/1367-2630/11/8/083002},
  url = {http://dx.doi.org/10.1088/1367-2630/11/8/083002},
  volume = {11},
  month = {9},
  pages = {083002},
  number = {8}
}
@article{krammer2009multipartite,
  author = {Krammer, Philipp and Kampermann, Hermann and Bruß, Dagmar and Bertlmann, Reinhold A. and Kwek, Leong Chuang and Macchiavello, Chiara},
  year = {2009},
  title = {Multipartite Entanglement Detection via Structure Factors},
  issn = {1079-7114},
  doi = {10.1103/physrevlett.103.100502},
  pmid = {19792291},
  url = {http://dx.doi.org/10.1103/physrevlett.103.100502},
  volume = {103},
  month = {9},
  pages = {100502},
  number = {10}
}
@article{kiesel2007experimental,
  author = {Kiesel, N. and Schmid, C. and Tóth, G. and Solano, E. and Weinfurter, H.},
  year = {2007},
  title = {Experimental Observation of Four-Photon Entangled Dicke State with High Fidelity},
  journal = {Physical Review Letters},
  issn = {1079-7114},
  doi = {10.1103/physrevlett.98.063604},
  pmid = {17358941},
  url = {http://dx.doi.org/10.1103/physrevlett.98.063604},
  volume = {98},
  month = {7},
  pages = {063604},
  number = {6}
}
@article{wieczorek2009experimental,
  author = {Wieczorek, Witlef and Krischek, Roland and Kiesel, Nikolai and Michelberger, Patrick and Tóth, Géza and Weinfurter, Harald},
  year = {2009},
  title = {Experimental Entanglement of a Six-Photon Symmetric Dicke State},
  journal = {Physical Review Letters},
  issn = {1079-7114},
  doi = {10.1103/physrevlett.103.020504},
  pmid = {19659191},
  url = {http://dx.doi.org/10.1103/physrevlett.103.020504},
  volume = {103},
  month = {9},
  pages = {020504},
  number = {2}
}
@article{dr2000three,
  author = {Dür, W. and Vidal, G. and Cirac, J. I.},
  year = {2000},
  title = {Three qubits can be entangled in two inequivalent ways},
  journal = {Physical Review A},
  issn = {2469-9934},
  doi = {10.1103/physreva.62.062314},
  url = {http://dx.doi.org/10.1103/physreva.62.062314},
  volume = {62},
  pages = {062314},
  number = {6}
}
@article{enk2005singleparticle,
  author = {Enk, S. J. van},
  year = {2005},
  title = {Single-particle entanglement},
  journal = {Physical Review A},
  issn = {2469-9934},
  doi = {10.1103/physreva.72.064306},
  url = {http://dx.doi.org/10.1103/physreva.72.064306},
  volume = {72},
  month = {5},
  pages = {064306},
  number = {6}
}
@article{navascus2009power,
  author = {Navascués, Miguel and Owari, Masaki and Plenio, Martin B.},
  year = {2009},
  title = {Power of symmetric extensions for entanglement detection},
  issn = {2469-9934},
  doi = {10.1103/physreva.80.052306},
  url = {http://dx.doi.org/10.1103/physreva.80.052306},
  volume = {80},
  month = {9},
  pages = {052306},
  number = {5}
}
@article{horodecki2005partial,
  author = {Horodecki, Michał and Oppenheim, Jonathan and Winter, Andreas},
  year = {2005},
  title = {Partial quantum information},
  journal = {Nature},
  issn = {0028-0836},
  doi = {10.1038/nature03909},
  pmid = {16079840},
  url = {http://dx.doi.org/10.1038/nature03909},
  volume = {436},
  month = {5},
  pages = {673--676},
  number = {7051}
}
@article{horodecki1996separability,
  author = {Horodecki, Michał and Horodecki, Paweł and Horodecki, Ryszard},
  year = {1996},
  title = {Separability of mixed states: necessary and sufficient conditions},
  issn = {0375-9601},
  doi = {10.1016/s0375-9601(96)00706-2},
  url = {http://dx.doi.org/10.1016/s0375-9601(96)00706-2},
  volume = {223},
  pages = {1--8},
  number = {1-2}
}
@article{lu2017a,
  author = {Lu, Sirui and Huang, Shilin and Li, Keren and Li, Jun and Chen, Jianxin and Lu, Dawei and Ji, Zhengfeng and Shen, Yi and Zhou, Duanlu and Zeng, Bei},
  year = {2017},
  title = {A Separability-Entanglement Classifier via Machine Learning}
}
@article{bengtsson2016a,
  author = {Bengtsson, Ingemar and Zyczkowski, Karol},
  year = {2016},
  title = {A brief introduction to multipartite entanglement}
}
@article{chiuri2012experimental,
  author = {Chiuri, A. and Greganti, C. and Paternostro, M. and Vallone, G. and Mataloni, P.},
  year = {2012},
  title = {Experimental Quantum Networking Protocols via Four-Qubit Hyperentangled Dicke States},
  journal = {Physical Review Letters},
  issn = {1079-7114},
  doi = {10.1103/physrevlett.109.173604},
  pmid = {23215188},
  url = {http://dx.doi.org/10.1103/physrevlett.109.173604},
  volume = {109},
  month = {12},
  pages = {173604},
  number = {17}
}
@article{chiuri2010hyperentangled,
  author = {Chiuri, A. and Vallone, G. and Bruno, N. and Macchiavello, C. and Bruß, D. and Mataloni, P.},
  year = {2010},
  title = {Hyperentangled Mixed Phased Dicke States: Optical Design and Detection},
  journal = {Physical Review Letters},
  issn = {1079-7114},
  doi = {10.1103/physrevlett.105.250501},
  pmid = {21231568},
  url = {http://dx.doi.org/10.1103/physrevlett.105.250501},
  volume = {105},
  month = {10},
  pages = {250501},
  number = {25}
}
@article{bergmann2013entanglement,
  author = {Bergmann, Marcel and Gühne, Otfried},
  year = {2013},
  title = {Entanglement criteria for Dicke states},
  issn = {1751-8121},
  doi = {10.1088/1751-8113/46/38/385304},
  url = {http://dx.doi.org/10.1088/1751-8113/46/38/385304},
  volume = {46},
  pages = {385304},
  number = {38}
}
@article{mair2001entanglement,
  author = {Mair, Alois and Vaziri, Alipasha and Weihs, Gregor and Zeilinger, Anton},
  year = {2001},
  title = {Entanglement of the orbital angular momentum states of photons},
  journal = {Nature},
  issn = {0028-0836},
  doi = {10.1038/35085529},
  pmid = {11460157},
  url = {http://dx.doi.org/10.1038/35085529},
  volume = {412},
  month = {1},
  pages = {313--316},
  number = {6844}
}
@article{sadowski2013generating,
  author = {Sadowski, Przemysław},
  year = {2013},
  title = {Generating efficient quantum circuits for preparing maximally multipartite entangled states}
}
@article{ghne2009entanglement,
  author = {Gühne, Otfried and Tóth, Géza},
  year = {2009},
  title = {Entanglement detection},
  issn = {0370-1573},
  doi = {10.1016/j.physrep.2009.02.004},
  url = {http://dx.doi.org/10.1016/j.physrep.2009.02.004},
  volume = {474},
  month = {9},
  pages = {1--75},
  number = {1-6}
}
@article{nha2008linear,
  author = {Nha, Hyunchul},
  year = {2008},
  title = {Linear optical scheme to demonstrate genuine multipartite entanglement for single-particle W states},
  journal = {Physical Review A},
  issn = {2469-9934},
  doi = {10.1103/physreva.77.062328},
  url = {http://dx.doi.org/10.1103/physreva.77.062328},
  volume = {77},
  month = {8},
  pages = {062328},
  number = {6}
}
@article{franco2016quantum,
  author = {Franco, Rosario and Compagno, Giuseppe},
  year = {2016},
  title = {Quantum entanglement of identical particles by standard information-theoretic notions},
  journal = {Scientific Reports},
  issn = {2045-2322},
  doi = {10.1038/srep20603},
  pmid = {26857475},
  url = {http://dx.doi.org/10.1038/srep20603},
  volume = {6},
  pages = {20603},
  number = {1}
}
@article{lougovski2009verifying,
  author = {Lougovski, Pavel and Enk, S J van and Choi, Kyung Soo and Papp, Scott B and Deng, Hui and Kimble, H J},
  year = {2009},
  title = {Verifying multipartite mode entanglement of W states},
  journal = {New Journal of Physics},
  issn = {1367-2630},
  doi = {10.1088/1367-2630/11/6/063029},
  url = {http://dx.doi.org/10.1088/1367-2630/11/6/063029},
  volume = {11},
  month = {9},
  pages = {063029},
  number = {6}
}
@article{grfe2014onchip,
  author = {Gräfe, Markus and Heilmann, René and Perez-Leija, Armando and Keil, Robert and Dreisow, Felix and Heinrich, Matthias and Moya-Cessa, Hector and Nolte, Stefan and Christodoulides, Demetrios N. and Szameit, Alexander},
  year = {2014},
  title = {On-chip generation of high-order single-photon W-states},
  journal = {Nature Photonics},
  issn = {1749-4885},
  doi = {10.1038/nphoton.2014.204},
  url = {http://dx.doi.org/10.1038/nphoton.2014.204},
  volume = {8},
  pages = {791--795},
  number = {10}
}
@article{jian2008quantum,
  author = {Jian, Wang and Quan, Zhang and Chao-Jing, Tang},
  year = {2008},
  title = {Quantum Secure Communication Scheme with W State},
  issn = {0253-6102},
  doi = {10.1088/0253-6102/48/4/013},
  url = {http://dx.doi.org/10.1088/0253-6102/48/4/013},
  volume = {48},
  month = {8},
  pages = {637},
  number = {4}
}
@article{horodecki2009quantum,
  author = {Horodecki, Ryszard and Horodecki, Paweł and Horodecki, Michał and Horodecki, Karol},
  year = {2009},
  title = {Quantum entanglement},
  journal = {Reviews of Modern Physics},
  issn = {1539-0756},
  doi = {10.1103/revmodphys.81.865},
  url = {http://dx.doi.org/10.1103/revmodphys.81.865},
  volume = {81},
  month = {9},
  pages = {865},
  number = {2}
}
@article{prevedel2009experimental,
  author = {Prevedel, R. and Cronenberg, G. and Tame, M. S. and Paternostro, M. and Walther, P. and Kim, M. S. and Zeilinger, A.},
  year = {2009},
  title = {Experimental Realization of Dicke States of up to Six Qubits for Multiparty Quantum Networking},
  journal = {Physical Review Letters},
  issn = {1079-7114},
  doi = {10.1103/physrevlett.103.020503},
  pmid = {19659190},
  url = {http://dx.doi.org/10.1103/physrevlett.103.020503},
  volume = {103},
  month = {9},
  pages = {020503},
  number = {2}
}

@article{hffner2005scalable,
  author = {Häffner, H. and Hänsel, W. and Roos, C. F. and Benhelm, J. and Chek-al-kar, D. and Chwalla, M. and Körber, T. and Rapol, U. D. and Riebe, M. and Schmidt, P. O. and Becher, C. and Gühne, O. and Dür, W. and Blatt, R.},
  year = {2005},
  title = {Scalable multiparticle entanglement of trapped ions},
  journal = {Nature},
  issn = {0028-0836},
  doi = {10.1038/nature04279},
  pmid = {16319886},
  url = {http://dx.doi.org/10.1038/nature04279},
  volume = {438},
  month = {5},
  pages = {643--646},
  number = {7068}
}

@article{streltsov2016quantum,
  author = {Streltsov, Alexander and Adesso, Gerardo and Plenio, Martin B},
  year = {2016},
  title = {Quantum Coherence as a Resource},
  journal={arXiv preprint arXiv:1612.07570}
}
@article{marvian2016how,
  author = {Marvian, Iman and Spekkens, Robert W},
  year = {2016},
  title = {How to quantify coherence: Distinguishing speakable and unspeakable notions},
  journal = {Physical Review A},
  issn = {2469-9926},
  doi = {10.1103/physreva.94.052324},
  url = {http://dx.doi.org/10.1103/physreva.94.052324},
  volume = {94},
  number = {5}
}
@article{winter2016operational,
  author = {Winter, Andreas and Yang, Dong},
  year = {2016},
  title = {Operational Resource Theory of Coherence.},
  journal = {Physical review letters},
  issn = {0031-9007},
  doi = {10.1103/physrevlett.116.120404},
  pmid = {27058063},
  url = {http://dx.doi.org/10.1103/physrevlett.116.120404},
  volume = {116},
  pages = {120404},
  number = {12}
}
@article{aberg2006quantifying,
  author = {Aberg, Johan},
  year = {2006},
  title = {Quantifying Superposition},
  month = {6}
}
@article{horodecki2012quantumness,
  author = {Horodecki, Michał and Oppenheim, Jonathan},
  year = {2012},
  title = {(Quantumness in the context of) Resource Theories},
  journal = {International Journal of Modern Physics B},
  issn = {0217-9792},
  doi = {10.1142/s0217979213450197},
  url = {http://dx.doi.org/10.1142/s0217979213450197},
  volume = {27},
  month = {12},
  pages = {1345019},
  number = {01n03}
}
@article{streltsov2016maximal,
  author = {Streltsov, Alexander and Kampermann, Hermann and Wölk, Sabine and Gessner, Manuel and Bruß, Dagmar},
  year = {2016},
  title = {Maximal Coherence and the Resource Theory of Purity}
}
@article{baumgratz2014quantifying,
  author = {Baumgratz, T. and Cramer, M. and Plenio, M. B.},
  year = {2014},
  title = {Quantifying Coherence},
  journal = {Physical Review Letters},
  issn = {1079-7114},
  doi = {10.1103/physrevlett.113.140401},
  pmid = {25325620},
  url = {http://dx.doi.org/10.1103/physrevlett.113.140401},
  volume = {113},
  pages = {140401},
  number = {14}
}
@article{regula2017converting,
  author = {Regula, Bartosz and Piani, Marco and Cianciaruso, Marco and Bromley, Thomas R and Streltsov, Alexander and Adesso, Gerardo},
  year = {2017},
  title = {Converting multilevel nonclassicality into genuine multipartite entanglement},
  journal={arXiv preprint arXiv:1704.04153}
}
@article{killoran2016converting,
  author = {Killoran, N and Steinhoff, F and Plenio, M B},
  year = {2016},
  title = {Converting Nonclassicality into Entanglement},
  journal = {Physical Review Letters},
  issn = {0031-9007},
  doi = {10.1103/physrevlett.116.080402},
  pmid = {26967398},
  url = {http://dx.doi.org/10.1103/physrevlett.116.080402},
  volume = {116},
  number = {8}
}
@article{ghne2005multipartite,
  author = {Gühne, Otfried and Tóth, Géza and Briegel, Hans J},
  year = {2005},
  title = {Multipartite entanglement in spin chains},
  journal = {New Journal of Physics},
  issn = {1367-2630},
  doi = {10.1088/1367-2630/7/1/229},
  url = {http://dx.doi.org/10.1088/1367-2630/7/1/229},
  volume = {7},
  month = {5},
  pages = {229},
  number = {1}
}
@article{terhal2000schmidt,
  author = {Terhal, Barbara M. and Horodecki, Paweł},
  year = {2000},
  title = {Schmidt number for density matrices},
  journal = {Physical Review A},
  publisher = {Physical Review A},
  issn = {2469-9934},
  doi = {10.1103/physreva.61.040301},
  url = {http://dx.doi.org/10.1103/physreva.61.040301},
  volume = {61},
  pages = {040301},
  number = {4}
}


@article{brunner2014bell,
    archiveprefix = {arXiv},
    author = {Brunner, Nicolas and Cavalcanti, Daniel and Pironio, Stefano and Scarani, Valerio and Wehner, Stephanie},
    doi = {10.1103/RevModPhys.86.419},
    eprint = {1303.2849},
    journal = {Reviews of Modern Physics},
    month = {Apr},
    number = {2},
    primaryclass = {quant-ph},
    publisher = {American Physical Society (APS)},
    title = {Bell nonlocality},
    volume = {86},
    year = {2014}
}

@article{pironio2005lifting,
    author = {Pironio, Stefano},
    doi = {10.1063/1.1928727},
    eprint = {quant-ph/0503179},
    journal = {Journal of Mathematical Physics},
    month = {Jun},
    number = {6},
    publisher = {AIP Publishing},
    title = {Lifting Bell inequalities},
    volume = {46},
    year = {2005}
}

@article{kochen1967problem,
    author = {Kochen, Simon and Specker, E.~P.},
    journal = {J. Math. Mech.},
    pages = {59},
    title = {The problem of hidden variables in quantum mechanics},
    volume = {17},
    year = {1967}
}


@article{fine1982joint,
    author = {Fine, Arthur},
    doi = {10.1063/1.525514},
    journal = {Journal of Mathematical Physics},
    month = {Jul},
    number = {7},
    pages = {1306–1310},
    publisher = {AIP Publishing},
    title = {Joint distributions, quantum correlations, and commuting observables},
    volume = {23},
    year = {1982}
}

@article{lidar2013quantum,
    ISBN = {9781139034807},
    author = {Lidar, Daniel A and Brun, Todd A},
    doi = {10.1017/CBO9781139034807},
    publisher = {Cambridge University Press},
    title = {Quantum Error Correction},
    year = {2013}
}

@article{sinitsyn2018integrable,
    archiveprefix = {arXiv},
    author = {Sinitsyn, Nikolai A. and Yuzbashyan, Emil A. and Chernyak, Vladimir Y. and Patra, Aniket and Sun, Chen},
    doi = {10.1103/PhysRevLett.120.190402},
    eprint = {1711.09945},
    journal = {Physical Review Letters},
    month = {May},
    number = {19},
    primaryclass = {quant-ph},
    publisher = {American Physical Society (APS)},
    title = {Integrable Time-Dependent Quantum Hamiltonians},
    volume = {120},
    year = {2018}
}

@article{klobus2018higher,
    archiveprefix = {arXiv},
    author = {Klobus, Waldemar and Laskowski, Wieslaw and Paterek, Tomasz and Wiesniak, Marcin and Weinfurter, Harald},
    eprint = {1808.10201},
    primaryclass = {quant-ph},
    title = {Higher dimensional entanglement without correlations},
    year = {2018}
}

@article{busch2003quantum,
    author = {Busch, P.},
    doi = {10.1103/PhysRevLett.91.120403},
    journal = {Physical Review Letters},
    month = {Sep},
    number = {12},
    publisher = {American Physical Society (APS)},
    title = {Quantum States and Generalized Observables: A Simple Proof of Gleason’s Theorem},
    volume = {91},
    year = {2003}
}

@article{caves2004gleasontype,
    author = {Caves, Carlton M. and Fuchs, Christopher A. and Manne, Kiran K. and Renes, Joseph M.},
    doi = {10.1023/B:FOOP.0000019581.00318.a5},
    journal = {Foundations of Physics},
    month = {Feb},
    number = {2},
    pages = {193–209},
    publisher = {Springer Science and Business Media LLC},
    title = {Gleason-Type Derivations of the Quantum Probability Rule for Generalized Measurements},
    volume = {34},
    year = {2004}
}

@article{cabello1994simple,
    author = {Cabello, A},
    doi = {10.1088/0143-0807/15/4/004},
    journal = {European Journal of Physics},
    month = {Jul},
    number = {4},
    pages = {179–183},
    publisher = {IOP Publishing},
    title = {A simple proof of the Kochen-Specker theorem},
    volume = {15},
    year = {1994}
}

@article{moretti2019fundamental,
    ISBN = {9783030183462},
    author = {Moretti, Valter},
    doi = {10.1007/978-3-030-18346-2},
    publisher = {Springer International Publishing},
    title = {Fundamental Mathematical Structures of Quantum Theory},
    year = {2019}
}

@article{fine1982hidden,
    author = {Fine, Arthur},
    doi = {10.1103/PhysRevLett.48.291},
    journal = {Physical Review Letters},
    month = {Feb},
    number = {5},
    pages = {291–295},
    publisher = {American Physical Society (APS)},
    title = {Hidden Variables, Joint Probability, and the Bell Inequalities},
    volume = {48},
    year = {1982}
}

@article{kunjwal2015fine,
    author = {Kunjwal, Ravi},
    doi = {10.1103/PhysRevA.91.022108},
    journal = {Physical Review A},
    month = {Feb},
    number = {2},
    publisher = {American Physical Society (APS)},
    title = {Fine’s theorem, noncontextuality, and correlations in Specker’s scenario},
    volume = {91},
    year = {2015}
}

@article{horodecki2003entanglement,
    author = {Horodecki, Michael and Shor, Peter W. and Ruskai, Mary Beth},
    doi = {10.1142/S0129055X03001709},
    eprint = {quant-ph/0302031},
    journal = {Reviews in Mathematical Physics},
    month = {Aug},
    number = {06},
    pages = {629–641},
    publisher = {World Scientific Pub Co Pte Lt},
    title = {Entanglement Breaking Channels},
    url = {http://arxiv.org/abs/quant-ph/0302031v2},
    volume = {15},
    year = {2003}
}

@article{watrous2018theory,
    ISBN = {9781107180567},
    author = {Watrous, John},
    doi = {10.1017/9781316848142},
    month = {Apr},
    publisher = {Cambridge University Press},
    title = {The Theory of Quantum Information},
    year = {2018}
}

@article{guhne2020geometry,
    archiveprefix = {arXiv},
    author = {Gühne, Otfried and Mao, Yuanyuan and Yu, Xiao-Dong},
    eprint = {2008.05961},
    month = {aug},
    primaryclass = {quant-ph},
    title = {Geometry of faithful entanglement},
    url = {http://arxiv.org/abs/2008.05961v2},
    year = {2020}
}

@article{aaronson2017shadow,
    archiveprefix = {arXiv},
    author = {Aaronson, Scott},
    eprint = {1711.01053},
    month = {nov},
    primaryclass = {quant-ph},
    title = {Shadow Tomography of Quantum States},
    url = {http://arxiv.org/abs/1711.01053v2},
    year = {2017}
}

@article{huang2020predicting,
    archiveprefix = {arXiv},
    author = {Huang, Hsin-Yuan and Kueng, Richard and Preskill, John},
    doi = {10.1038/s41567-020-0932-7},
    eprint = {2002.08953},
    journal = {Nature Physics},
    month = {Jun},
    number = {10},
    pages = {1050–1057},
    primaryclass = {quant-ph},
    publisher = {Springer Science and Business Media LLC},
    title = {Predicting many properties of a quantum system from very few measurements},
    url = {http://arxiv.org/abs/2002.08953v2},
    volume = {16},
    year = {2020}
}

@article{hu2021hamiltoniandriven,
    archiveprefix = {arXiv},
    author = {Hu, Hong-Ye and You, Yi-Zhuang},
    eprint = {2102.10132},
    month = {feb},
    primaryclass = {quant-ph},
    title = {Hamiltonian-Driven Shadow Tomography of Quantum States},
    url = {http://arxiv.org/abs/2102.10132v1},
    year = {2021}
}

@article{kenfack2004negativity,
    author = {Kenfack, Anatole and yczkowski, Karol},
    doi = {10.1088/1464-4266/6/10/003},
    journal = {Journal of Optics B: Quantum and Semiclassical Optics},
    month = {Aug},
    number = {10},
    pages = {396–404},
    publisher = {IOP Publishing},
    title = {Negativity of the Wigner function as an indicator of non-classicality},
    volume = {6},
    year = {2004}
}

@article{richter2002nonclassicality,
    author = {Richter, Th. and Vogel, W.},
    doi = {10.1103/PhysRevLett.89.283601},
    journal = {Physical Review Letters},
    month = {Dec},
    number = {28},
    publisher = {American Physical Society (APS)},
    title = {Nonclassicality of Quantum States: A Hierarchy of Observable Conditions},
    volume = {89},
    year = {2002}
}

@article{wunsche2004about,
    author = {Wünsche, Alfred},
    doi = {10.1088/1464-4266/6/2/006},
    journal = {Journal of Optics B: Quantum and Semiclassical Optics},
    month = {Feb},
    number = {2},
    pages = {159–171},
    publisher = {IOP Publishing},
    title = {About the nonclassicality of states defined by nonpositivity of theP-quasiprobability},
    volume = {6},
    year = {2004}
}

@article{korbicz2005hilbert,
    author = {Korbicz, J. K. and Cirac, J. I. and Wehr, Jan and Lewenstein, M.},
    doi = {10.1103/PhysRevLett.94.153601},
    journal = {Physical Review Letters},
    month = {Apr},
    number = {15},
    publisher = {American Physical Society (APS)},
    title = {Hilbert’s 17th Problem and the Quantumness of States},
    volume = {94},
    year = {2005}
}

@article{veitch2012negative,
    author = {Veitch, Victor and Ferrie, Christopher and Gross, David and Emerson, Joseph},
    doi = {10.1088/1367-2630/14/11/113011},
    journal = {New Journal of Physics},
    month = {Nov},
    number = {11},
    pages = {113011},
    publisher = {IOP Publishing},
    title = {Negative quasi-probability as a resource for quantum computation},
    volume = {14},
    year = {2012}
}

@article{mari2012positive,
    author = {Mari, A. and Eisert, J.},
    doi = {10.1103/PhysRevLett.109.230503},
    journal = {Physical Review Letters},
    month = {Dec},
    number = {23},
    publisher = {American Physical Society (APS)},
    title = {Positive Wigner Functions Render Classical Simulation of Quantum Computation Efficient},
    volume = {109},
    year = {2012}
}

@article{mari2011directly,
    author = {Mari, A. and Kieling, K. and Nielsen, B. Melholt and Polzik, E. S. and Eisert, J.},
    doi = {10.1103/PhysRevLett.106.010403},
    journal = {Physical Review Letters},
    month = {Jan},
    number = {1},
    publisher = {American Physical Society (APS)},
    title = {Directly Estimating Nonclassicality},
    volume = {106},
    year = {2011}
}

@article{sperling2015convex,
    archiveprefix = {arXiv},
    author = {Sperling, J and Vogel, W},
    doi = {10.1088/0031-8949/90/7/074024},
    eprint = {1004.1944},
    journal = {Physica Scripta},
    month = {Jun},
    number = {7},
    pages = {074024},
    primaryclass = {quant-ph},
    publisher = {IOP Publishing},
    title = {Convex ordering and quantification of quantumness},
    url = {http://arxiv.org/abs/1004.1944v2},
    volume = {90},
    year = {2015}
}

@article{galvao2005discrete,
    author = {Galvão, Ernesto F.},
    doi = {10.1103/PhysRevA.71.042302},
    journal = {Physical Review A},
    month = {Apr},
    number = {4},
    publisher = {American Physical Society (APS)},
    title = {Discrete Wigner functions and quantum computational speedup},
    volume = {71},
    year = {2005}
}

@article{cormick2006classicality,
    author = {Cormick, Cecilia and Galvão, Ernesto F. and Gottesman, Daniel and Paz, Juan Pablo and Pittenger, Arthur O.},
    doi = {10.1103/PhysRevA.73.012301},
    journal = {Physical Review A},
    month = {Jan},
    number = {1},
    publisher = {American Physical Society (APS)},
    title = {Classicality in discrete Wigner functions},
    volume = {73},
    year = {2006}
}

@article{miranowicz2015statistical,
    archiveprefix = {arXiv},
    author = {Miranowicz, Adam and Bartkiewicz, Karol and Pathak, Anirban and Peřina, Jan and Chen, Yueh-Nan and Nori, Franco},
    doi = {10.1103/PhysRevA.91.042309},
    eprint = {1502.04523},
    journal = {Physical Review A},
    month = {Apr},
    number = {4},
    primaryclass = {quant-ph},
    publisher = {American Physical Society (APS)},
    title = {Statistical mixtures of states can be more quantum than their superpositions: Comparison of nonclassicality measures for single-qubit states},
    url = {http://arxiv.org/abs/1502.04523v2},
    volume = {91},
    year = {2015}
}

@article{albarelli2016nonlinearity,
    archiveprefix = {arXiv},
    author = {Albarelli, Francesco and Ferraro, Alessandro and Paternostro, Mauro and Paris, Matteo G. A.},
    doi = {10.1103/PhysRevA.93.032112},
    eprint = {1507.07840},
    journal = {Physical Review A},
    month = {Mar},
    number = {3},
    primaryclass = {quant-ph},
    publisher = {American Physical Society (APS)},
    title = {Nonlinearity as a resource for nonclassicality in anharmonic systems},
    url = {http://arxiv.org/abs/1507.07840v2},
    volume = {93},
    year = {2016}
}

@article{mahler2013adaptive,
    author = {Mahler, D. H. and Rozema, Lee A. and Darabi, Ardavan and Ferrie, Christopher and Blume-Kohout, Robin and Steinberg, A. M.},
    doi = {10.1103/PhysRevLett.111.183601},
    journal = {Physical Review Letters},
    month = {Oct},
    number = {18},
    publisher = {American Physical Society (APS)},
    title = {Adaptive Quantum State Tomography Improves Accuracy Quadratically},
    volume = {111},
    year = {2013}
}

@article{blumekohout2010hedged,
    author = {Blume-Kohout, Robin},
    doi = {10.1103/PhysRevLett.105.200504},
    journal = {Physical Review Letters},
    month = {Nov},
    number = {20},
    publisher = {American Physical Society (APS)},
    title = {Hedged Maximum Likelihood Quantum State Estimation},
    volume = {105},
    year = {2010}
}

@article{blumekohout2010optimal,
    author = {Blume-Kohout, Robin},
    doi = {10.1088/1367-2630/12/4/043034},
    journal = {New Journal of Physics},
    month = {Apr},
    number = {4},
    pages = {043034},
    publisher = {IOP Publishing},
    title = {Optimal, reliable estimation of quantum states},
    volume = {12},
    year = {2010}
}

@article{gross2010quantum,
    archiveprefix = {arXiv},
    author = {Gross, David and Liu, Yi-Kai and Flammia, Steven T. and Becker, Stephen and Eisert, Jens},
    doi = {10.1103/PhysRevLett.105.150401},
    eprint = {0909.3304},
    journal = {Physical Review Letters},
    month = {Oct},
    number = {15},
    primaryclass = {quant-ph},
    publisher = {American Physical Society (APS)},
    title = {Quantum State Tomography via Compressed Sensing},
    url = {http://arxiv.org/abs/0909.3304v4},
    volume = {105},
    year = {2010}
}

@article{flammia2012quantum,
    author = {Flammia, Steven T and Gross, David and Liu, Yi-Kai and Eisert, Jens},
    doi = {10.1088/1367-2630/14/9/095022},
    journal = {New Journal of Physics},
    month = {Sep},
    number = {9},
    pages = {095022},
    publisher = {IOP Publishing},
    title = {Quantum tomography via compressed sensing: error bounds, sample complexity and efficient estimators},
    volume = {14},
    year = {2012}
}

py@article{aaronson2007learnability,
    author = {Aaronson, Scott},
    doi = {10.1098/rspa.2007.0113},
    journal = {Proceedings of the Royal Society A: Mathematical, Physical and Engineering Sciences},
    month = {Sep},
    number = {2088},
    pages = {3089–3114},
    publisher = {The Royal Society},
    title = {The learnability of quantum states},
    volume = {463},
    year = {2007}
}

@book{christensen2003introduction,
  title={An introduction to frames and Riesz bases},
  author={Christensen, Ole},
  volume={7},
  year={2003},
  publisher={Springer}
}